<?xml version="1.0" encoding="UTF-8"?><collection xmlns="http://www.loc.gov/MARC21/slim"><record><leader>00489nam--2200145-i-4500</leader><controlfield tag="001">000011714</controlfield><controlfield tag="002">20161230</controlfield><controlfield tag="005">20170127222638</controlfield><controlfield tag="008">060222s1000------------r-----000-0-eng-d</controlfield><datafield ind1=" " ind2=" " tag="080"><subfield code="a">5(061.3:09):(061.3:09)</subfield></datafield><datafield ind1=" " ind2=" " tag="245"><subfield code="a">Actes du XIII-e congres international d histoire des sciences, Moscou, 18-24 aout. Section I-XII. actes. conferences plenieres. actes. resumes des colloques</subfield></datafield><datafield ind1=" " ind2=" " tag="260"><subfield code="a">Moscou</subfield><subfield code="b">Editions Naouka</subfield><subfield code="c">1974</subfield></datafield><datafield ind1=" " ind2=" " tag="300"><subfield code="a">193 p</subfield></datafield><datafield ind1=" " ind2=" " tag="852"><subfield code="a">42626</subfield></datafield><datafield ind1=" " ind2=" " tag="CAT"><subfield code="a">SYS</subfield><subfield code="c">20170127</subfield><subfield code="h">222638</subfield></datafield></record></collection>